


@article{Alpher02,
author = {FirstName Alpher},
title = {Frobnication},
journal = {Journal of Foo},
volume = 12, 
number = 1, 
pages = {234--778}, 
year = 2002
}

@misc{BRATS,
author = {Baid et al},
title = {The RSNA-ASNR-MICCAI BraTS 2021
Benchmark on Brain Tumor Segmentation and
Radiogenomic Classification},
note = {https://arxiv.org/pdf/2107.02314.pdf},
 year = 2021
}

@misc{IXI,
author = {Imperial College London},
title = {IXI Dataset},
note = {https://www.nitrc.org/projects/ixi\_dataset},
 year = 2021
}

@misc{MRI,
author = {David C Preston},
title = {Magnetic Resonance Imaging (MRI) of the Brain and Spine: Basics},
note = {https://case.edu/med/neurology/NR/MRI\%20Basics.htm},
 year = 2021
}

@misc{RAD,
author = {Stanford Medicine},
title = {FAQs about Radiologists},
note = {https://med.stanford.edu/neuroimaging/patients.html},
 year = 2021
}

@misc{EPI,
author = {Pérez-García, Fernando; Rodionov, Roman; Alim-Marvasti, Ali; Sparks, Rachel; Duncan, John; Ourselin, Sebastien},
title = {EPISURG: a dataset of postoperative magnetic resonance images (MRI) for quantitative analysis of resection neurosurgery for refractory epilepsy},
note = {University College London. Dataset. https://doi.org/10.5522/04/9996158.v1},
 year = 2020
}

@article{tio,
    title = {TorchIO: a Python library for efficient loading, preprocessing, augmentation and patch-based sampling of medical images in deep learning},
    journal = {Computer Methods and Programs in Biomedicine},
    pages = {106236},
    year = {2021},
    issn = {0169-2607},
    doi = {https://doi.org/10.1016/j.cmpb.2021.106236},
    url = {https://www.sciencedirect.com/science/article/pii/S0169260721003102},
    author = {P{\'e}rez-Garc{\'i}a, Fernando and Sparks, Rachel and Ourselin, S{\'e}bastien},
}

@article{PTL,
  title={PyTorch Lightning},
  author={William {Falcon et al.}},
  journal={GitHub. Note: https://github.com/PyTorchLightning/pytorch-lightning},
  volume={3},
  year={2019}
}

@incollection{PT,
title = {PyTorch: An Imperative Style, High-Performance Deep Learning Library},
author = {Paszke, Adam and Gross, Sam and Massa, Francisco and Lerer, Adam and Bradbury, James and Chanan, Gregory and Killeen, Trevor and Lin, Zeming and Gimelshein, Natalia and Antiga, Luca and Desmaison, Alban and Kopf, Andreas and Yang, Edward and DeVito, Zachary and Raison, Martin and Tejani, Alykhan and Chilamkurthy, Sasank and Steiner, Benoit and Fang, Lu and Bai, Junjie and Chintala, Soumith},
booktitle = {Advances in Neural Information Processing Systems 32},
editor = {H. Wallach and H. Larochelle and A. Beygelzimer and F. d\textquotesingle Alch\'{e}-Buc and E. Fox and R. Garnett},
pages = {8024--8035},
year = {2019},
publisher = {Curran Associates, Inc.},
url = {http://papers.neurips.cc/paper/9015-pytorch-an-imperative-style-high-performance-deep-learning-library.pdf}
}



@misc{SEG,
author = {Shruti Jadon},
title = {A survey of loss functions for semantic
segmentation},
note = {https://arxiv.org/pdf/2006.14822.pdf},
 year = 2020
}

@misc{MET,
author = {Ekin Tiu},
title = {Metrics to Evaluate your Semantic Segmentation Model},
note = {https://towardsdatascience.com/metrics-to-evaluate-your-semantic-segmentation-model-6bcb99639aa2},
 year = 2019
}


@misc{PIX,
author = {Wenzhe Shi, Jose Caballero, Ferenc Huszar, Johannes Totz, Andrew P. Aitken, Rob Bishop, Daniel Rueckert, Zehan Wang},
title = {Real-Time Single Image and Video Super-Resolution Using an Efficient
Sub-Pixel Convolutional Neural Network},
note = {https://arxiv.org/pdf/1609.05158.pdf},
 year = 2016
}

@misc{DEP,
author = {Wenzhe Shi, Jose Caballero, Ferenc Huszar, Johannes Totz, Andrew P. Aitken, Rob Bishop, Daniel Rueckert, Zehan Wang},
title = {Width, depth and space},
note = {https://arxiv.org/pdf/1607.00945.pdf},
 year = 2016
}

@article {10.7554/eLife.57613,
article_type = {journal},
title = {Accurate and versatile 3D segmentation of plant tissues at cellular resolution},
author = {Wolny, Adrian and Cerrone, Lorenzo and Vijayan, Athul and Tofanelli, Rachele and Barro, Amaya Vilches and Louveaux, Marion and Wenzl, Christian and Strauss, Sören and Wilson-Sánchez, David and Lymbouridou, Rena and Steigleder, Susanne S and Pape, Constantin and Bailoni, Alberto and Duran-Nebreda, Salva and Bassel, George W and Lohmann, Jan U and Tsiantis, Miltos and Hamprecht, Fred A and Schneitz, Kay and Maizel, Alexis and Kreshuk, Anna},
editor = {Hardtke, Christian S and Bergmann, Dominique C and Bergmann, Dominique C and Graeff, Moritz},
volume = 9,
year = 2020,
month = {jul},
pub_date = {2020-07-29},
pages = {e57613},
citation = {eLife 2020;9:e57613},
doi = {10.7554/eLife.57613},
url = {https://doi.org/10.7554/eLife.57613},
keywords = {instance segmentation, cell segmentation, deep learning, image analysis},
journal = {eLife},
issn = {2050-084X},
publisher = {eLife Sciences Publications, Ltd},
}

@misc{https://doi.org/10.48550/arxiv.2009.07485,
  doi = {10.48550/ARXIV.2009.07485},
  
  url = {https://arxiv.org/abs/2009.07485},
  
  author = {Gholamalinezhad, Hossein and Khosravi, Hossein},
  
  keywords = {Computer Vision and Pattern Recognition (cs.CV), Machine Learning (cs.LG), FOS: Computer and information sciences, FOS: Computer and information sciences},
  
  title = {Pooling Methods in Deep Neural Networks, a Review},
  
  publisher = {arXiv},
  
  year = {2020},
  
  copyright = {arXiv.org perpetual, non-exclusive license}
}

@misc{https://doi.org/10.48550/arxiv.1802.02611,
  doi = {10.48550/ARXIV.1802.02611},
  
  url = {https://arxiv.org/abs/1802.02611},
  
  author = {Chen, Liang-Chieh and Zhu, Yukun and Papandreou, George and Schroff, Florian and Adam, Hartwig},
  
  keywords = {Computer Vision and Pattern Recognition (cs.CV), FOS: Computer and information sciences, FOS: Computer and information sciences},
  
  title = {Encoder-Decoder with Atrous Separable Convolution for Semantic Image Segmentation},
  
  publisher = {arXiv},
  
  year = {2018},
  
  copyright = {arXiv.org perpetual, non-exclusive license}
}

@misc{https://doi.org/10.48550/arxiv.1505.04597,
  doi = {10.48550/ARXIV.1505.04597},
  
  url = {https://arxiv.org/abs/1505.04597},
  
  author = {Ronneberger, Olaf and Fischer, Philipp and Brox, Thomas},
  
  keywords = {Computer Vision and Pattern Recognition (cs.CV), FOS: Computer and information sciences, FOS: Computer and information sciences},
  
  title = {U-Net: Convolutional Networks for Biomedical Image Segmentation},
  
  publisher = {arXiv},
  
  year = {2015},
  
  copyright = {arXiv.org perpetual, non-exclusive license}
}
